%Put all your BibTeX references here.

@book{neumann2007theory,
  title={Theory of games and economic behavior},
  author={Neumann, J.V. and Morgenstern, O. and Rubinstein, A. and Kuhn, H.W.},
  isbn={9780691130613},
  series={Princeton Classic Editions},
  url={http://books.google.com/books?id=\_aIGYI-jGEcC},
  year={2007},
  publisher={Princeton University Press}
}

@book{neumann1944theory,
  title={Theory of games and economic behaviour},
  author={Neumann, J.V. and Morgenstern, O.},
  url={http://books.google.com/books?id=cDoOqAAACAAJ},
  year={1944},
  publisher={Science editions, J. Wiley}
}

@book{hald1990history,
  title={A history of probability and statistics and their applications before 1750},
  author={Hald, A.},
  isbn={9780471502302},
  lccn={lc89033269},
  series={Wiley series in probability and mathematical statistics: Probability and mathematical statistics},
  url={http://books.google.com/books?id=XSTvAAAAMAAJ},
  year={1990},
  publisher={Wiley}
}

@book{rudas2008handbook,
  title={Handbook of probability: theory and applications},
  author={Rudas, T.},
  isbn={9781412927147},
  lccn={2007036434},
  url={http://books.google.com/books?id=h\_ibNiI9nHoC},
  year={2008},
  publisher={Sage Publications}
}

@book{fararo1992meaning,
  title={The Meaning of General Theoretical Sociology: Tradition and Formalization},
  author={Fararo, T.J.},
  isbn={9780521437950},
  series={The Arnold and Caroline Rose monograph series of the American Sociological Association},
  url={http://books.google.com/books?id=xwWKbxVxRAcC},
  year={1992},
  publisher={Cambridge University Press}
}

@book{russell2010artificial,
  title={Artificial Intelligence: A Modern Approach},
  author={Russell, S.J. and Norvig, P.},
  isbn={9780136042594},
  lccn={2011288031},
  series={Prentice Hall Series in Artificial Intelligence},
  url={http://books.google.com/books?id=8jZBksh-bUMC},
  year={2010},
  publisher={Prentice Hall}
}

@article{Hart_Nilsson_Raphael_1968, 
 title={A Formal Basis for the Heuristic Determination of Minimum Cost Paths}, 
 volume={4}, 
 url={http://ieeexplore.ieee.org/lpdocs/epic03/wrapper.htm?arnumber=4082128}, 
 number={2}, 
 journal={Ieee Transactions On Systems Science And Cybernetics}, 
 publisher={IEEE}, 
 author={Hart, P E and Nilsson, N J and Raphael, B}, 
 year={1968}, 
 pages={100--107}}

@article{Hart:1972:LFB:1056777.1056779,
 author = {Hart, Peter E. and Nilsson, Nils J. and Raphael, Bertram},
 title = {Correction to 'A Formal Basis for the Heuristic Determination of Minimum Cost Paths'},
 journal = {SIGART Bull.},
 issue_date = {December 1972},
 number = {37},
 month = dec,
 year = {1972},
 issn = {0163-5719},
 pages = {28--29},
 numpages = {2},
 url = {http://doi.acm.org/10.1145/1056777.1056779},
 doi = {10.1145/1056777.1056779},
 acmid = {1056779},
 publisher = {ACM},
 address = {New York, NY, USA},
} 

@article{Flood1958,
 title = {Some Experimental Games},
 author = {Merrill M. Flood},
 journal = {Management Science},
 volume= {5},
 number = {1},
 month = {Oct},
 year = {1958},
 pages = {5--26}
}

@book{Holland1992,
 author = {Holland, John H.},
 title = {Adaptation in natural and artificial systems},
 year = {1992},
 isbn = {0-262-58111-6},
 publisher = {MIT Press},
 address = {Cambridge, MA, USA},
} 

@article{nash50,
  added-at = {2009-09-12T17:41:42.000+0200},
  author = {Nash, John F., Jr.},
  biburl = {http://www.bibsonomy.org/bibtex/29b20f008710c53192d158d62e40c012a/superbohater},
  interhash = {df2edb5f19aa90376342186906dd386e},
  intrahash = {9b20f008710c53192d158d62e40c012a},
  journal = {Proceedings of the National Academy of Sciences of the United States of America},
  keywords = {game_theory nash_equilibrium},
  month = {January},
  number = 1,
  pages = {48--49 },
  timestamp = {2009-09-12T17:41:42.000+0200},
  title = {Equilibrium points in n-person games},
  url = {http://www.jstor.org/pss/88031},
  volume = 36,
  year = 1950
}

@article{Nash1951,
  added-at = {2009-12-14T10:59:24.000+0100},
  author = {Nash, J.F.},
  biburl = {http://www.bibsonomy.org/bibtex/28f4e15eba228e9919907d8bc3d49cd53/danfunky},
  file = {Paper:articles\\nash1951.pdf:PDF},
  interhash = {b75a1ba66a339d80a27b47d9027f2895},
  intrahash = {8f4e15eba228e9919907d8bc3d49cd53},
  journal = {Annals of Mathematics},
  keywords = {imported},
  number = 2,
  owner = {Funky},
  pages = {286-295},
  timestamp = {2009-12-14T10:59:24.000+0100},
  title = {Non-cooperative Games},
  volume = 54,
  year = 1951
}

@book{Axelrod1984,
  added-at = {2011-05-18T10:52:52.000+0200},
  address = {New York},
  author = {Axelrod, Robert},
  biburl = {http://www.bibsonomy.org/bibtex/2be52cdcaaf969c9081b5153b85999ee3/droessler},
  edition = 11,
  interhash = {837a0545c35f0da64be40fe14b1e18e5},
  intrahash = {be52cdcaaf969c9081b5153b85999ee3},
  isbn = {0-465-02122-0},
  key = {Axelrod5},
  keywords = {ethics evolution gametheory sociology},
  pages = 244,
  publisher = {Basic Books},
  timestamp = {2011-05-18T10:52:52.000+0200},
  title = {{The Evolution of Cooperation}},
  year = 1984
}

@inproceedings{DBLP:conf/cig/QuekG07,
  author    = {Hanyang Quek and
               Chi Keong Goh},
  title     = {Adaptation of Iterated Prisoner's Dilemma Strategies by Evolution and Learning},
  booktitle = {CIG},
  year      = {2007},
  pages     = {40-47},
  ee        = {http://dx.doi.org/10.1109/CIG.2007.368077},
  crossref  = {DBLP:conf/cig/2007},
  bibsource = {DBLP, http://dblp.uni-trier.de}
}

@proceedings{DBLP:conf/cig/2007,
  title     = {Proceedings of the 2007 IEEE Symposium on Computational
               Intelligence and Games, CIG 2007, Honolulu, Hawaii, USA,
               1-5 April, 2007},
  booktitle = {CIG},
  publisher = {IEEE},
  year      = {2007},
  isbn      = {1-4244-0709-5},
  ee        = {http://ieeexplore.ieee.org/xpl/mostRecentIssue.jsp?punumber=4219012},
  bibsource = {DBLP, http://dblp.uni-trier.de}
}

@article{Quek_GAPoker,
year={2009},
issn={1673-7350},
journal={Frontiers of Computer Science in China},
volume={3},
number={1},
doi={10.1007/s11704-009-0007-5},
title={Evolving Nash-optimal poker strategies using evolutionary computation},
url={http://dx.doi.org/10.1007/s11704-009-0007-5},
publisher={SP Higher Education Press},
keywords={evolutionary algorithm; poker; game theory; Nash equilibrium},
author={Quek, Hanyang and Woo, Chunghoong and Tan, Kaychen and Tay, Arthur},
pages={73-91},
language={English}
}

@article{Foster1990219,
title = "Stochastic evolutionary game dynamicsâˆ—",
journal = "Theoretical Population Biology",
volume = "38",
number = "2",
pages = "219 - 232",
year = "1990",
note = "",
issn = "0040-5809",
doi = "10.1016/0040-5809(90)90011-J",
url = "http://www.sciencedirect.com/science/article/pii/004058099090011J",
author = "Dean Foster and Peyton Young"
}

@article{Panait:2005:CML:1090749.1090753,
 author = {Panait, Liviu and Luke, Sean},
 title = {Cooperative Multi-Agent Learning: The State of the Art},
 journal = {Autonomous Agents and Multi-Agent Systems},
 issue_date = {November  2005},
 volume = {11},
 number = {3},
 month = nov,
 year = {2005},
 issn = {1387-2532},
 pages = {387--434},
 numpages = {48},
 url = {http://dx.doi.org/10.1007/s10458-005-2631-2},
 doi = {10.1007/s10458-005-2631-2},
 acmid = {1090753},
 publisher = {Kluwer Academic Publishers},
 address = {Hingham, MA, USA},
 keywords = {cooperation, machine learning, multi-agent learning, multi-agent systems, survey},
}

@inproceedings{eriksson2001evolution,
  title={Evolution of strategies in repeated stochastic games with full information of the payoff matrix},
  author={Eriksson, Anders and Lindgren, Kristian},
  booktitle={Goodman, A. Wu, W. Langdon, H.-M. Voigt, M. Gen, S. Sen, M. Dorigo, S. Pezeshk, MH Garzon, and E. Burke, editors, Proceedings of the Genetic and Evolutionary Computation Conference (GECCO-2001)},
  pages={853--859},
  year={2001}
}

@article{Fogel1993, 
  title     = {Using evolutionary programing to create neural networks that are capable of playing tic-tac-toe}, 
  url       = {http://ieeexplore.ieee.org/lpdocs/epic03/wrapper.htm?arnumber=298673}, 
  journal   = {IEEE International Conference on Neural Networks}, 
  publisher = {Ieee}, 
  author    = {Fogel, D B}, 
  year      = {1993},
  volume    = {2}, 
  pages     = {875--880}
}

@INPROCEEDINGS{Fogel2000Anaconda,
  author={Chellapilla, K. and Fogel, D.B.},
  booktitle={Evolutionary Computation, 2000. Proceedings of the 2000 Congress on},
  title={Anaconda defeats Hoyle 6-0: a case study competing an evolved checkers program against commercially available software},
  year={2000},
  volume={2},
  pages={857--863},
  keywords={Anaconda;Chess Federation rating system;Hoyle;case study;coevolutionary process;commercial software;computer games;evaluation function;evolved checkers program;neural networks;computer games;evolutionary computation;neural nets;software packages;},
  doi={10.1109/CEC.2000.870729},
}

@article{journals/tec/ChellapillaF01,
  added-at = {2011-10-31T00:00:00.000+0100},
  author = {Chellapilla, Kumar and Fogel, David B.},
  biburl = {http://www.bibsonomy.org/bibtex/2045fe4658485fcf59d546345915d32d0/dblp},
  ee = {http://dx.doi.org/10.1109/4235.942536},
  interhash = {68572b1360a76ee3f1053fbc21d4aa31},
  intrahash = {045fe4658485fcf59d546345915d32d0},
  journal = {IEEE Trans. Evolutionary Computation},
  keywords = {dblp},
  number = 4,
  pages = {422-428},
  timestamp = {2011-10-31T00:00:00.000+0100},
  title = {Evolving an expert checkers playing program without using human expertise.},
  url = {http://dblp.uni-trier.de/db/journals/tec/tec5.html#ChellapillaF01},
  volume = 5,
  year = 2001
}

@article{ChongTW05,
  added-at = {2010-07-21T15:47:36.000+0200},
  author = {Chong, Siang Y. and Tan, Mei K. and White, Jonathon David},
  biburl = {http://www.bibsonomy.org/bibtex/21d0ddd2c064a8fe96740591d1f718477/dblp},
  date = {2010-05-03},
  ee = {http://dx.doi.org/10.1109/TEVC.2005.843750},
  interhash = {c736e5e36c6d846d66a555cc0e5f1d32},
  intrahash = {1d0ddd2c064a8fe96740591d1f718477},
  journal = {IEEE Trans. Evolutionary Computation},
  keywords = {dblp},
  number = 3,
  pages = {240-251},
  timestamp = {2010-07-21T15:47:36.000+0200},
  title = {Observing the evolution of neural networks learning to play the game of Othello.},
  url = {http://dblp.uni-trier.de/db/journals/tec/tec9.html#ChongTW05},
  volume = 9,
  year = 2005
}

 @article{1972,
     title = {Monopoly as a Markov Process},
     author = {Ash, Robert B. and Bishop, Richard L.},
     journal = {Mathematics Magazine},
     volume = {45},
     number = {1},
     jstor_formatteddate = {Jan., 1972},
     pages = {26--29},
     url = {http://www.jstor.org/stable/2688377},
     ISSN = {0025570X},
     language = {English},
     year = {1972},
     publisher = {Mathematical Association of America},
     copyright = {Copyright 1972 Mathematical Association of America},
}

@article{Abbott1997,
     jstor_articletype = {research-article},
     title = {Take a Walk on the Boardwalk},
     author = {Abbott, Stephen D. and Richey, Matt},
     journal = {The College Mathematics Journal},
     volume = {28},
     number = {3},
     jstor_formatteddate = {May, 1997},
     pages = {pp. 162-171},
     url = {http://www.jstor.org/stable/2687519},
     ISSN = {07468342},
     language = {English},
     year = {1997},
     publisher = {Mathematical Association of America},
     copyright = {Copyright 1997 Mathematical Association of America},
}

@inproceedings{DBLP:conf/cig/Frayn05,
  author    = {Colin Frayn},
  title     = {An Evolutionary Approach to Strategies for the Game of Monopoly},
  booktitle = {CIG},
  year      = {2005},
  ee        = {http://csapps.essex.ac.uk/cig/2005/papers/p1035.pdf},
  crossref  = {DBLP:conf/cig/2005},
  bibsource = {DBLP, http://dblp.uni-trier.de}
}

@proceedings{DBLP:conf/cig/2005,
  title     = {Proceedings of the 2005 IEEE Symposium on Computational
               Intelligence and Games (CIG05), Essex University, Colchester,
               Essex, UK, 4-6 April, 2005},
  booktitle = {CIG},
  publisher = {IEEE},
  year      = {2005},
  bibsource = {DBLP, http://dblp.uni-trier.de}
}

@INPROCEEDINGS{Yasumura2001Negotiate,
  author={Yasumura, Y. and Oguchi, K. and Nitta, K.},
  booktitle={Computational Intelligence in Robotics and Automation, 2001. Proceedings 2001 IEEE International Symposium on},
  title={Negotiation strategy of agents in the MONOPOLY game},
  year={2001},
  pages={ 277--281},
  keywords={ MONOPOLY game; MONOPOLY server; agent negotiation strategy; color group pattern; game theory; money; token position; computer games; games of skill; multi-agent systems;},
  doi={10.1109/CIRA.2001.1013210},
  ISSN={ }
}

@ARTICLE{1304848,
author={Messerschmidt, L. and Engelbrecht, A.P.},
journal={Evolutionary Computation, IEEE Transactions on},
title={Learning to play games using a PSO-based competitive learning approach},
year={2004},
month={june},
volume={8},
number={3},
pages={ 280 - 288},
keywords={ PSO-based competitive learning; TicTacToe game; game tree leaf nodes; neural networks; particle swarm optimizers; two-agent games; evolutionary computation; game theory; games of skill; learning (artificial intelligence); neural nets; optimisation; trees (mathematics);},
doi={10.1109/TEVC.2004.826070},
ISSN={1089-778X}}

@book{haupt2004practical,
  title={Practical genetic algorithms},
  author={Haupt, R.L. and Haupt, S.E.},
  isbn={9780471455653},
  lccn={2004043360},
  series={Wiley-Interscience publication},
  url={http://books.google.com/books?id=k0jFfsmbtZIC},
  year={2004},
  publisher={John Wiley}
}

@inproceedings{DBLP:conf/icga/Radcliffe91,
  author    = {Nicholas J. Radcliffe},
  title     = {Forma Analysis and Random Respectful Recombination},
  booktitle = {ICGA},
  year      = {1991},
  pages     = {222-229},
  crossref  = {DBLP:conf/icga/1991},
  bibsource = {DBLP, http://dblp.uni-trier.de}
}

@proceedings{DBLP:conf/icga/1991,
  editor    = {Richard K. Belew and
               Lashon B. Booker},
  title     = {Proceedings of the 4th International Conference on Genetic
               Algorithms, San Diego, CA, USA, July 1991},
  booktitle = {ICGA},
  publisher = {Morgan Kaufmann},
  year      = {1991},
  isbn      = {1-55860-208-9},
  bibsource = {DBLP, http://dblp.uni-trier.de}
}

@book{adewuya1996new,
  title={New methods in genetic search with real-valued chromosomes},
  author={Adewuya, A.A.},
  url={http://books.google.com/books?id=F4bvNwAACAAJ},
  year={1996},
  publisher={Massachusetts Institute of Technology, Dept. of Mechanical Engineering}
}

@book{goldberg1989genetic,
  title={Genetic algorithms in search, optimization, and machine learning},
  author={Goldberg, D.E.},
  isbn={9780201157673},
  lccn={lc88006276},
  series={Artificial Intelligence},
  url={http://books.google.com/books?id=3\_RQAAAAMAAJ},
  year={1989},
  publisher={Addison-Wesley Pub. Co.}
}

@book{cantu2000efficient,
  title={Efficient and accurate parallel genetic algorithms},
  author={Cant{\`u}-Paz, E.},
  isbn={9780792372219},
  lccn={00048688},
  series={Genetic algorithms and evolutionary computation},
  url={http://books.google.com/books?id=UXkGGQbmsfAC},
  year={2000},
  publisher={Kluwer Academic Publishers}
}

@book{deb2001multi,
  title={Multi-objective optimization using evolutionary algorithms},
  author={Deb, K.},
  isbn={9780471873396},
  lccn={01022514},
  series={Wiley-Interscience series in systems and optimization},
  url={http://books.google.com/books?id=OSTn4GSy2uQC},
  year={2001},
  publisher={John Wiley \& Sons}
}

@inproceedings{Angeline:1993:CEE:645513.657590,
 author = {Angeline, Peter J. and Pollack, Jordan B.},
 title = {Competitive Environments Evolve Better Solutions for Complex Tasks},
 booktitle = {Proceedings of the 5th International Conference on Genetic Algorithms},
 year = {1993},
 isbn = {1-55860-299-2},
 pages = {264--270},
 numpages = {7},
 url = {http://dl.acm.org/citation.cfm?id=645513.657590},
 acmid = {657590},
 publisher = {Morgan Kaufmann Publishers Inc.},
 address = {San Francisco, CA, USA},
}

@ARTICLE{Someya2011,
author={Someya, H.},
journal={Evolutionary Computation, IEEE Transactions on},
title={Theoretical Analysis of Phenotypic Diversity in Real-Valued Evolutionary Algorithms With More-Than-One-Element Replacement},
year={2011},
month={april },
volume={15},
number={2},
pages={248 -266},
keywords={computational efficiency;crossover-operator parameter;diversity control;diversity evolution;more-than-one-element replacement;offspring-population size;parental-pool size;phenotypic diversity;real-coded genetic algorithms;real-valued evolutionary algorithms;search stability;selection schemes;selection-pressure controllability;selection-pressure parameters;variation operators;genetic algorithms;search problems;},
doi={10.1109/TEVC.2010.2083668},
ISSN={1089-778X}}

@INPROCEEDINGS{YanWang2010,
author={Yan Wang and Zheng Tang},
booktitle={Information Science and Engineering (ICISE), 2010 2nd International Conference on},
title={Complex-valued genetic algorithm for function optimization},
year={2010},
month={dec.},
pages={1097 -1100},
doi={10.1109/ICISE.2010.5691862},
}

ï»¿@incollection{Miller2011,
   author = {Miller, Julian F.},
   affiliation = {Department of Electronics, University of York, York, YO10 5DD UK},
   title = {Cartesian Genetic Programming},
   booktitle = {Cartesian Genetic Programming},
   series = {Natural Computing Series},
   editor = {Miller, Julian F.},
   publisher = {Springer Berlin Heidelberg},
   isbn = {978-3-642-17310-3},
   keyword = {Computer Science},
   pages = {17--34},
   url = {http://dx.doi.org/10.1007/978-3-642-17310-3_2},
   note = {10.1007/978-3-642-17310-3_2},
   year = {2011}
}

@misc{abdoun2012analyzing,
  added-at = {2012-03-23T22:55:38.000+0100},
  author = {Abdoun, Otman and Abouchabaka, Jaafar and Tajani, Chakir},
  biburl = {http://www.bibsonomy.org/bibtex/20d245c006d0a623931529151bd0fefbe/kmukhar},
  description = {Analyzing the Performance of Mutation Operators to Solve the Travelling Salesman Problem},
  interhash = {ad741b73a26a3baf28f1725cc366427f},
  intrahash = {0d245c006d0a623931529151bd0fefbe},
  keywords = {algorithms genetic mutation operators},
  note = {cite arxiv:1203.3099Comment: ISSN: 2222-4254},
  timestamp = {2012-03-23T22:55:38.000+0100},
  title = {Analyzing the Performance of Mutation Operators to Solve the Travelling Salesman Problem},
  url = {http://arxiv.org/abs/1203.3099},
  year = 2012
}


 @article{Ash1972,
     title = {Monopoly as a Markov Process},
     author = {Ash, Robert B. and Bishop, Richard L.},
     journal = {Mathematics Magazine},
     volume = {45},
     number = {1},
     jstor_formatteddate = {Jan., 1972},
     pages = {26--29},
     url = {http://www.jstor.org/stable/2688377},
     ISSN = {0025570X},
     language = {English},
     year = {1972},
     publisher = {Mathematical Association of America},
     copyright = {Copyright Â© 1972 Mathematical Association of America},
}

@ARTICLE{Mittal2009,
  author={Mittal, S. and Deb, K.},
  journal={Evolutionary Computation, IEEE Transactions on},
  title={Optimal Strategies of the Iterated Prisoner's Dilemma Problem for Multiple Conflicting Objectives},
  year={2009},
  month={june },
  volume={13},
  number={3},
  pages={554--565},
  keywords={IPD problem;game-playing tasks;iterated game;iterated prisoner dilemma problem;multiple conflicting objectives;multiple-objective evolutionary algorithms;optimal strategies;evolutionary computation;game theory;iterative methods;},
  doi={10.1109/TEVC.2008.2009459},
  ISSN={1089-778X}
}

@INPROCEEDINGS{WangTao2010,
  author={Wang Tao and Chen Zhi-Gang and Deng Xiao-Heng and Zhang Jin},
  booktitle={Control Conference (CCC), 2010 29th Chinese},  
  title={Properties of Prisoner's Dilemma Game based on genetic algorithm}, 
  year={2010},
  month={july},
  pages={4732--4736},
  keywords={BA network;evolutionary games;genetic algorithm;prisoner dilemma game;game theory;genetic algorithms;},
}

@inproceedings{Mitsuta:2010:OPG:1994486.1994517,
   author = {Mitsuta, Tomohiko and Schmitt, Lothar M.},
   title = {Optimizing the performance of GNU-chess with a genetic algorithm},
   booktitle = {Proceedings of the 13th International Conference on Humans and Computers},
   series = {HC '10},
   year = {2010},
   location = {Aizu-Wakamatsu, Japan},
   pages = {124--131},
   numpages = {8},
   url = {http://dl.acm.org/citation.cfm?id=1994486.1994517},
   acmid = {1994517},
   publisher = {University of Aizu Press},
   address = {Fukushima-ken, Japan, Japan},
   keywords = {chess, interactive computer games, optimization, parallel distributed genetic algorithm},
}

@article{shah2012Go,
  author = {Sanjay M Shah and Dharm Singh and J.S Shah},
  title = {Article: Using Genetic Algorithm to Solve Game of Go-Moku},
  journal = {IJCA Special Issue on Optimization and On-chip Communication},
  year = {2012},
  volume = {ooc},
  number = {1},
  pages = {28--31},
  month = {February},
  note = {Published by Foundation of Computer Science, New York, USA}
}

@article{Blackman2009Go,
  author={Blackman, Todd and Agah, Arvin},
  title={A Multi-Agent Approach to the Game of Go Using Genetic Algorithms},
  journal={Journal of Intelligent Systems},
  volume={18},
  number={1--2},
  pages={143-169},
  year={2009},
  doi={10.1515/JISYS.2009.18.1-2.143}
}

@PhdThesis{Allis1994,
  author = 	 {L. Victor Allis},
  title = 	 {Searching for Solutions in Games and Artificial Intelligence},
  school = 	 {University of Limburg},
  year = 	 {1994},
  type = {PhD. Dissertation}
}

@inproceedings{Hillis:1990:CPI:87498.87560,
 author = {Hillis, W. Daniel},
 title = {Co-evolving parasites improve simulated evolution as an optimization procedure},
 booktitle = {Proceedings of the ninth annual international conference of the Center for Nonlinear Studies on Self-organizing, Collective, and Cooperative Phenomena in Natural and Artificial Computing Networks on Emergent computation},
 series = {CNLS '89},
 year = {1990},
 location = {Los Alamos, New Mexico, United States},
 pages = {228--234},
 numpages = {7},
 url = {http://dl.acm.org/citation.cfm?id=87498.87560},
 acmid = {87560},
 publisher = {North-Holland Publishing Co.},
 address = {Amsterdam, The Netherlands, The Netherlands},
}

@article{Hillis:1990:CPI:87506.87560,
 author = {Hillis, W. Daniel},
 title = {Co-evolving parasites improve simulated evolution as an optimization procedure},
 journal = {Phys. D},
 issue_date = {June 1990},
 volume = {42},
 number = {1-3},
 month = jun,
 year = {1990},
 issn = {0167-2789},
 pages = {228--234},
 numpages = {7},
 url = {http://dx.doi.org/10.1016/0167-2789(90)90076-2},
 doi = {10.1016/0167-2789(90)90076-2},
 acmid = {87560},
 publisher = {Elsevier Science Publishers B. V.},
 address = {Amsterdam, The Netherlands, The Netherlands},
}

@INPROCEEDINGS{Panait02acomparative,
    author = {Liviu Panait and Sean Luke},
    title = {A Comparative Study of Two Competitive Fitness Functions},
    booktitle = {PROCEEDINGS OF THE 2002 GENETIC AND EVOLUTIONARY COMPUTATION CONFERENCE (GECCO},
    year = {2002},
    pages = {503--511},
    publisher = {Morgan Kaufmann}
}

@MastersThesis{Anthony2002,
	author = {Anthony, Lisa Patricia and Regli, William C.},
	title = {Evolving board evaluation fuctions for a complex strategy game /},
	school = {Drexel University College of Engineering},
	year = {2002},
	location = {http://www.scientificcommons.org/35409714},
	keywords = {Genetic programming (Computer science), Games of strategy (Mathematics), Genetic programming (Computer science), Games of strategy (Mathematics)},
	abstract = {Includes abstract.},
	publisher = {Philadelphia : Drexel University,},
	url = {http://worldcat.org/oclc/52059091},
	institution = {OCLC's Experimental Thesis Catalog [http://alcme.oclc.org/xtcat/servlet/OAIHandler] (United States)},
}

@inproceedings{Jaskowski:2008:FC:1389095.1389161,
 author = {Ja\'{s}kowski, Wojciech and Krawiec, Krzysztof and Wieloch, Bartosz},
 title = {Fitnessless coevolution},
 booktitle = {Proceedings of the 10th annual conference on Genetic and evolutionary computation},
 series = {GECCO '08},
 year = {2008},
 isbn = {978-1-60558-130-9},
 location = {Atlanta, GA, USA},
 pages = {355--362},
 numpages = {8},
 url = {http://doi.acm.org/10.1145/1389095.1389161},
 doi = {10.1145/1389095.1389161},
 acmid = {1389161},
 publisher = {ACM},
 address = {New York, NY, USA},
 keywords = {games, one-population coevolution, selection methods},
}

@book{Cormen:2001,
 author = {Cormen, Thomas H. and Stein, Clifford and Rivest, Ronald L. and Leiserson, Charles E.},
 title = {Introduction to Algorithms},
 year = {2001},
 isbn = {0070131511},
 edition = {2nd},
 publisher = {McGraw-Hill Higher Education},
}

@book{Cormen:2009:IAT:1614191,
 author = {Cormen, Thomas H. and Leiserson, Charles E. and Rivest, Ronald L. and Stein, Clifford},
 title = {Introduction to Algorithms, Third Edition},
 year = {2009},
 isbn = {0262033844, 9780262033848},
 edition = {3rd},
 publisher = {The MIT Press},
} 

@book{alsuwaiyel1999algorithms,
  title={Algorithms: Design Techniques and Analysis},
  author={Alsuwaiyel, H.},
  isbn={9789810237400},
  series={Lecture Notes Series on Computing},
  url={http://books.google.com/books?id=SPx4iHZEOugC},
  year={1999},
  publisher={World Scientific}
}

@book{koza1992genetic,
  title={Genetic Programming: On the Programming of Computers by Means of Natural Selection},
  author={Koza, J.R.},
  isbn={9780262111706},
  lccn={92025785},
  series={Complex Adaptive Systems},
  url={http://books.google.com/books?id=Bhtxo60BV0EC},
  year={1992},
  publisher={Mit Press}
}
@book{ferreira2012gene,
  title={Gene Expression Programming: Mathematical Modeling by an Artificial Intelligence},
  author={Ferreira, C.},
  isbn={9783642069321},
  series={Studies in Computational Intelligence},
  url={http://books.google.com/books?id=HjaZcQAACAAJ},
  year={2012},
  publisher={Springer}
}
@book{fogel2000evolutionary,
  title={Evolutionary Computation 1: Basic Algorithms and Operators},
  author={Fogel, D.B. and B{\"a}ck, T. and Michalewicz, Z.},
  isbn={9780750306645},
  lccn={00702389},
  series={Evolutionary Computation},
  url={http://books.google.com/books?id=4HMYCq9US78C},
  year={2000},
  publisher={Institute of Physics Publishing}
}
@book{fogel1999intelligence,
  title={Intelligence through simulated evolution: forty years of evolutionary programming},
  author={Fogel, L.J.},
  isbn={9780471332503},
  lccn={99017589},
  series={Wiley series on intelligent systems},
  url={http://books.google.com/books?id=GY5QAAAAMAAJ},
  year={1999},
  publisher={Wiley}
}
@book{holland1975adaptation,
  title={Adaptation in natural and artificial systems: an introductory analysis with applications to biology, control, and artificial intelligence},
  author={Holland, J.H.},
  isbn={9780472084609},
  lccn={lc74078988},
  url={http://books.google.com/books?id=JE5RAAAAMAAJ},
  year={1975},
  publisher={University of Michigan Press}
}
@article{Nowak1993,
  added-at = {2011-04-11T13:51:03.000+0200},
  author = {Nowak, Martin and Sigmund, Karl},
  biburl = {http://www.bibsonomy.org/bibtex/2863011266150c0cef7b2ff9b2d5073ee/rincedd},
  doi = {10.1038/364056a0},
  interhash = {9703caf681d69a4254346f91c9cba7ac},
  intrahash = {863011266150c0cef7b2ff9b2d5073ee},
  journal = {Nature},
  keywords = {cooperation direct-reciprocity evolution game-theory prisoners-dilemma tit-for-tat},
  number = 6432,
  pages = {56--58},
  publisher = {Nature Publishing Group},
  timestamp = {2011-04-11T13:51:03.000+0200},
  title = {A strategy of win-stay, lose-shift that outperforms tit-for-tat in the Prisoner's Dilemma game},
  volume = 364,
  year = 1993
}

@INPROCEEDINGS{6032003,
author={Avigad, G. and Eisenstadt, E. and Cohen, M.W.},
booktitle={Computational Intelligence and Games (CIG), 2011 IEEE Conference on}, title={Optimal strategies for multi objective games and their search by evolutionary multi objective optimization},
year={2011},
pages={166-173},
keywords={evolutionary computation;game theory;search problems;set theory;artificial intelligence;evolutionary multiobjective optimization search;multiobjective games;optimal set representation;set based multiobjective evolutionary algorithm;strategic decisions;Boats;Equations;Evolutionary computation;Games;Optimization;Search problems},
doi={10.1109/CIG.2011.6032003},}

@INPROCEEDINGS{5958504,
author={Thaker, C.S. and Shah, S.M. and Singh, D.},
booktitle={Emerging Trends in Networks and Computer Communications (ETNCC), 2011 International Conference on}, title={Performance improvement in game playing using evolutionary computation by large search space exploration},
year={2011},
pages={148-152},
keywords={evolutionary computation;game theory;learning (artificial intelligence);optimisation;search problems;uncertainty handling;AI technology;artificial learning form;evolutionary computation;game playing program;hardware resource;human knowledge;intelligence research;intelligent search;large search space exploration;machine learning;performance improvement;search intensive approach;soft computing branch;Artificial intelligence;Complexity theory;Computers;Evolutionary computation;Games;Humans;Search problems;Checkers;Evolutionary Algorithm;Generation;Search;Soft Computing},
doi={10.1109/ETNCC.2011.5958504},}

@inproceedings{kotnik2003significance,
  title={The significance of temporal-difference learning in self-play training td-rummy versus evo-rummy},
  author={Kotnik, Clifford and Kalita, Jugal},
  booktitle={MACHINE LEARNING-INTERNATIONAL WORKSHOP THEN CONFERENCE-},
  volume={20},
  number={1},
  pages={369},
  year={2003}
}

