@ARTICLE{mittal2009,
  author={Mittal, S. and Deb, K.},
  journal={Evolutionary Computation, IEEE Transactions on},
  title={Optimal Strategies of the Iterated Prisoner's Dilemma Problem for Multiple Conflicting Objectives},
  year={2009},
  month={june },
  volume={13},
  number={3},
  pages={554--565},
  keywords={IPD problem;game-playing tasks;iterated game;iterated prisoner dilemma problem;multiple conflicting objectives;multiple-objective evolutionary algorithms;optimal strategies;evolutionary computation;game theory;iterative methods;},
  doi={10.1109/TEVC.2008.2009459},
  ISSN={1089-778X}
}