@book{neumann2007theory,
  title={Theory of games and economic behavior},
  author={Neumann, J.V. and Morgenstern, O. and Rubinstein, A. and Kuhn, H.W.},
  isbn={9780691130613},
  series={Princeton Classic Editions},
  url={http://books.google.com/books?id=\_aIGYI-jGEcC},
  year={2007},
  publisher={Princeton University Press}
}