@article{Nowak1993,
  added-at = {2011-04-11T13:51:03.000+0200},
  author = {Nowak, Martin and Sigmund, Karl},
  biburl = {http://www.bibsonomy.org/bibtex/2863011266150c0cef7b2ff9b2d5073ee/rincedd},
  doi = {10.1038/364056a0},
  interhash = {9703caf681d69a4254346f91c9cba7ac},
  intrahash = {863011266150c0cef7b2ff9b2d5073ee},
  journal = {Nature},
  keywords = {cooperation direct-reciprocity evolution game-theory prisoners-dilemma tit-for-tat},
  number = 6432,
  pages = {56--58},
  publisher = {Nature Publishing Group},
  timestamp = {2011-04-11T13:51:03.000+0200},
  title = {A strategy of win-stay, lose-shift that outperforms tit-for-tat in the Prisoner's Dilemma game},
  volume = 364,
  year = 1993
}