@inproceedings{DBLP:conf/cig/QuekG07,
  author    = {Hanyang Quek and
               Chi Keong Goh},
  title     = {Adaptation of Iterated Prisoner's Dilemma Strategies by
               Evolution and Learning},
  booktitle = {CIG},
  year      = {2007},
  pages     = {40-47},
  ee        = {http://dx.doi.org/10.1109/CIG.2007.368077},
  crossref  = {DBLP:conf/cig/2007},
  bibsource = {DBLP, http://dblp.uni-trier.de}
}

@proceedings{DBLP:conf/cig/2007,
  title     = {Proceedings of the 2007 IEEE Symposium on Computational
               Intelligence and Games, CIG 2007, Honolulu, Hawaii, USA,
               1-5 April, 2007},
  booktitle = {CIG},
  publisher = {IEEE},
  year      = {2007},
  isbn      = {1-4244-0709-5},
  ee        = {http://ieeexplore.ieee.org/xpl/mostRecentIssue.jsp?punumber=4219012},
  bibsource = {DBLP, http://dblp.uni-trier.de}
}