@INPROCEEDINGS{wang2010,
  author={Wang Tao and Chen Zhi-Gang and Deng Xiao-Heng and Zhang Jin},
  booktitle={Control Conference (CCC), 2010 29th Chinese},  
  title={Properties of Prisoner's Dilemma Game based on genetic algorithm}, 
  year={2010},
  month={july},
  pages={4732--4736},
  keywords={BA network;evolutionary games;genetic algorithm;prisoner dilemma game;game theory;genetic algorithms;},
}
